@ARTICLE{devpaper,
   author = {{Bezanson}, Jeff and {Karpinski}, S. and {Shah}, V.~B. and {Edelman}, A.
	},
    title = "{Julia: A Fast Dynamic Language for Technical Computing}",
  journal = {ArXiv e-prints},
archivePrefix = "arXiv",
   eprint = {1209.5145},
 primaryClass = "cs.PL",
 keywords = {Computer Science - Programming Languages, Computer Science - Computational Engineering, Finance, and Science, D.3.2},
     year = 2012,
    month = sep,
   adsurl = {http://adsabs.harvard.edu/abs/2012arXiv1209.5145B},
  adsnote = {Provided by the SAO/NASA Astrophysics Data System}
}

@online{devblog,
	author = {Bezanson, Jeff and Karpinski, Stefan and Shah, Viral and Edelman, Alan},
	title = "Why We Created Julia",
	year = 2012,
	url = {https://julialang.org/blog/2012/02/why-we-created-julia},
    urldate = {2017-10-12}
}

@manual{juliadocs,
	author = {Bezanson, Jeff and Karpinski, Stefan and Shah, Viral and Edelman, Alan},
	title = "Julia Documentation",
	date = {2017-6-5},
	language = {English},
    version = {stable v0.6.1},
    organization = {MIT},
    url = {https://docs.julialang.org/en/stable/index.html}
}

@online{juliamicbench,
	author = {Bezanson, Jeff and Karpinski, Stefan and Shah, Viral and Edelman, Alan},
    title = "Julia Micro-Benchmarks",
    date = {2017-10-28},
   	url = {https://julialang.org/benchmarks/},
	urldate = {2017-10-12}
}

@online{pugetdevworks,
	author = {Puget, Jean Francois},
    title = "How To Make Python Run As Fast As Julia",
	date = {2015-12-1},
    url = {https://www.ibm.com/developerworks/community/blogs/jfp/entry/Python_Meets_Julia_Micro_Performance?lang=en},
	urldate = {2017-12-10}
}

@online{tulloch,
	author = {Tulloch, Andrew},
    title = "Python vs Julia - an example from machine learning",
	date = {2014-3-11},
    url = {http://tullo.ch/articles/python-vs-julia/},
    urldate = {2017-12-10}
}

@online{juliafastcomp,
	author = {Lin, Dahua},
    title = "Fast Numeric Computation in Julia",
	date = {2013-9-4},
    url = {https://julialang.org/blog/2013/09/fast-numeric},
    urldate = {2017-12-10}
}

@online{juliaparallelslow,
	author = "rdeits",
    title = "Parallel Code Seems Slow",
	date = {2017-10-20},
    url = {https://discourse.julialang.org/t/parallel-code-seems-slow/6588},
    urldate = {2017-12-10}
}

@online{juliaformatting,
	author = "Jubobs",
    title = "How can I typeset Julia code with the listings package?",
    date = {2014-11-22},
    url = {https://tex.stackexchange.com/questions/212793/how-can-i-typeset-julia-code-with-the-listings-package},
    urldate = {2017-12-10}
}

@online{juliavec,
	author = {Robinson, Arch},
    title = "Vectorization in Julia",
    date = {2014-9-15},
    url = {https://software.intel.com/en-us/articles/vectorization-in-julia},
    urldate = {2017-12-10}
}

@article{furranfoster,
	author = {Furr, Michael and An, Jong-hoon (David) and Foster, Jeffrey},
	title = "Profile-Guided Static Typing for Dynamic Scripting Languages",
	date = {2009-10-25},
	organization = "University of Maryland",
    url = {https://www.cs.umd.edu/projects/PL/druby/papers/druby-oopsla09.pdf},
    urldate = {2017-12-10}
}